@article{article,
author = {Rahman, Mohammad and Hossain, Md. Sabir and Junaid, Ta-Seen and Forhad, Md and Hossen, Muhammad},
year = {2019},
month = {01},
pages = {213-222},
title = {Predicting Prices of Stock Market using Gated Recurrent Units (GRUs) Neural Networks},
volume = {19}
}

@inproceedings{finn2017model,
  title={Model-agnostic meta-learning for fast adaptation of deep networks},
  author={Finn, Chelsea and Abbeel, Pieter and Levine, Sergey},
  booktitle={Proceedings of the 34th International Conference on Machine Learning-Volume 70},
  pages={1126--1135},
  year={2017},
  organization={JMLR. org}
}

@inproceedings{9658607,
  author={Chang, Shin-Hung and Hsu, Cheng-Wen and Li, Hsing-Ying and Zeng, Wei-Sheng and Ho, Jan-Ming},
  booktitle={2021 IEEE International Conference on Systems, Man, and Cybernetics (SMC)}, 
  title={Short-Term Stock Price-Trend Prediction Using Meta-Learning}, 
  year={2021},
  volume={},
  number={},
  pages={2900-2905},
  keywords={Machine learning algorithms;Profitability;Neural networks;Training data;Predictive models;Market research;Labeling},
  doi={10.1109/SMC52423.2021.9658607}}
